@article{pearse2018homogenization,
  title={Homogenization of plant diversity, composition, and structure in North American urban yards},
  author={Pearse, William D and Cavender-Bares, Jeannine and Hobbie, Sarah E and Avolio, Meghan L and Bettez, Neil and Roy Chowdhury, Rinku and Darling, Lindsay E and Groffman, Peter M and Grove, J Morgan and Hall, Sharon J and others},
  journal={Ecosphere},
  volume={9},
  number={2},
  pages={e02105},
  year={2018},
  publisher={Wiley Online Library}
}

@article{clavel2015mvmorph,
  title={mvMORPH: an R package for fitting multivariate evolutionary models to morphometric data},
  author={Clavel, Julien and Escarguel, Gilles and Merceron, Gildas},
  journal={Methods in Ecology and Evolution},
  volume={6},
  number={11},
  pages={1311--1319},
  year={2015},
  publisher={Wiley Online Library}
}

@article{baker2021comprehensive,
  title={A comprehensive phylogenomic platform for exploring the angiosperm Tree of Life},
  author={Baker, William J and Bailey, Paul and Barber, Vanessa and Barker, Abigail and Bellot, Sidonie and Bishop, David and Botigu{\'e}, Laura R and Brewer, Grace and Carruthers, Tom and Clarkson, James J and others},
  journal={bioRxiv},
  year={2021},
  publisher={Cold Spring Harbor Laboratory}
}

@article{nanni2017handcrafted,
  title={Handcrafted vs. non-handcrafted features for computer vision classification},
  author={Nanni, Loris and Ghidoni, Stefano and Brahnam, Sheryl},
  journal={Pattern Recognition},
  volume={71},
  pages={158--172},
  year={2017},
  publisher={Elsevier}
}

@inproceedings{fu2004machine,
  title={Machine learning techniques for ontology-based leaf classification},
  author={Fu, Hong and Chi, Zheru and Feng, Dagan and Song, Jiatao},
  booktitle={ICARCV 2004 8th Control, Automation, Robotics and Vision Conference, 2004.},
  volume={1},
  pages={681--686},
  year={2004},
  organization={IEEE}
}

@article{jahne2000computer,
  title={Computer vision and applications},
  author={J{\"a}hne, Bernd and Hau{\ss}ecker, Horst},
  year={2000},
  publisher={Elsevier}
}


